<record><leader>00000cas a2200000 a 4500</leader><controlfield tag="001">18603872</controlfield><controlfield tag="008">881013d18971905iludr ne      0    0eng c</controlfield><datafield ind1=" " ind2=" " tag="010"><subfield code="a">sn 88061225 </subfield></datafield><datafield ind1=" " ind2=" " tag="040"><subfield code="a">KNP</subfield><subfield code="b">eng</subfield><subfield code="c">KNP</subfield><subfield code="d">NVF</subfield><subfield code="d">OCLCF</subfield><subfield code="d">OCLCO</subfield></datafield><datafield ind1="1" ind2=" " tag="029"><subfield code="a">AU@</subfield><subfield code="b">000020667888</subfield></datafield><datafield ind1=" " ind2=" " tag="042"><subfield code="a">pcc</subfield></datafield><datafield ind1=" " ind2=" " tag="043"><subfield code="a">n-us-il</subfield></datafield><datafield ind1="0" ind2=" " tag="130"><subfield code="a">Urbana daily courier (Urbana, Ill. : 1897)</subfield></datafield><datafield ind1="1" ind2="4" tag="245"><subfield code="a">The Urbana daily courier.</subfield></datafield><datafield ind1="3" ind2="3" tag="246"><subfield code="a">Courier</subfield></datafield><datafield ind1="3" ind2="3" tag="246"><subfield code="a">Daily courier</subfield></datafield><datafield ind1=" " ind2=" " tag="260"><subfield code="a">Urbana, Ill. :</subfield><subfield code="b">S.W. Love,</subfield><subfield code="c">1897-1905.</subfield></datafield><datafield ind1="3" ind2=" " tag="260"><subfield code="3">&lt;Mar. 1, 1903&gt;-Feb. 11, 1905</subfield><subfield code="a">Urbana, Ill. :</subfield><subfield code="b">Urbana Courier Co.</subfield></datafield><datafield ind1=" " ind2=" " tag="300"><subfield code="a">v.</subfield></datafield><datafield ind1=" " ind2=" " tag="310"><subfield code="a">Daily</subfield></datafield><datafield ind1="1" ind2=" " tag="362"><subfield code="a">Began in 1897.</subfield></datafield><datafield ind1="0" ind2=" " tag="362"><subfield code="a">-[v. 8], no. 160 (Feb. 11, 1905).</subfield></datafield><datafield ind1=" " ind2=" " tag="588"><subfield code="a">Description based on: Vol. 1, no. 100 (Nov. 26, 1897).</subfield></datafield><datafield ind1=" " ind2="0" tag="651"><subfield code="a">Urbana (Ill.)</subfield><subfield code="v">Newspapers.</subfield></datafield><datafield ind1=" " ind2="7" tag="655"><subfield code="a">Newspapers.</subfield><subfield code="2">fast</subfield><subfield code="0">(OCoLC)fst01423814</subfield></datafield><datafield ind1=" " ind2="7" tag="651"><subfield code="a">Illinois</subfield><subfield code="z">Urbana.</subfield><subfield code="2">fast</subfield><subfield code="0">(OCoLC)fst01211927</subfield></datafield><datafield ind1=" " ind2=" " tag="752"><subfield code="a">United States</subfield><subfield code="b">Illinois</subfield><subfield code="c">Champaign</subfield><subfield code="d">Urbana.</subfield></datafield><datafield ind1="0" ind2=" " tag="775"><subfield code="t">Urbana weekly courier</subfield><subfield code="w">(DLC)sn 88061231</subfield><subfield code="w">(OCoLC)18605082</subfield></datafield><datafield ind1="0" ind2="0" tag="785"><subfield code="t">Urbana courier (Urbana, Ill. : 1905)</subfield><subfield code="w">(DLC)sn 88061226</subfield><subfield code="w">(OCoLC)18603998</subfield></datafield><datafield ind1="4" ind2="1" tag="856"><subfield code="3">(Mar. 1, 1903-Feb. 11, 1905) available online:</subfield><subfield code="u">www.library.illinois.edu/dnc/idnc</subfield></datafield></record>